<record><leader>00000cas a22000007a 4500</leader><controlfield tag="001">11926068</controlfield><controlfield tag="008">850416d19641966utuwr ne      0    0eng d</controlfield><datafield ind1=" " ind2=" " tag="010"><subfield code="a">sn 85058105 </subfield></datafield><datafield ind1=" " ind2=" " tag="040"><subfield code="a">UNP</subfield><subfield code="b">eng</subfield><subfield code="c">UNP</subfield><subfield code="d">OCLCQ</subfield></datafield><datafield ind1=" " ind2=" " tag="042"><subfield code="a">msc</subfield></datafield><datafield ind1="0" ind2=" " tag="130"><subfield code="a">Rocky Mountain review (Salt Lake City, Utah : City ed.)</subfield></datafield><datafield ind1="1" ind2="0" tag="245"><subfield code="a">Rocky Mountain review.</subfield></datafield><datafield ind1=" " ind2=" " tag="250"><subfield code="a">City ed.</subfield></datafield><datafield ind1=" " ind2=" " tag="260"><subfield code="a">Salt Lake City, Utah :</subfield><subfield code="b">Great Western News,</subfield><subfield code="c">-1966.</subfield></datafield><datafield ind1=" " ind2=" " tag="300"><subfield code="a">2 v. :</subfield><subfield code="b">ill.</subfield></datafield><datafield ind1=" " ind2=" " tag="310"><subfield code="a">Weekly</subfield></datafield><datafield ind1="1" ind2=" " tag="362"><subfield code="a">Began in Apr. 1964.</subfield></datafield><datafield ind1="0" ind2=" " tag="362"><subfield code="a">-v. 2, no. 35 (Sept. 15, 1966).</subfield></datafield><datafield ind1=" " ind2=" " tag="500"><subfield code="a">Motto: "The weekly newspaper serving Murray, Midvale, Sandy, Kearns, Union, Taylorsville, Granger &amp; Kearns."</subfield></datafield><datafield ind1=" " ind2=" " tag="588"><subfield code="a">Description based on: Vol. 1, no. 4 (Jan 27, 1966).</subfield></datafield><datafield ind1=" " ind2=" " tag="752"><subfield code="a">United States</subfield><subfield code="b">Utah</subfield><subfield code="c">Salt Lake</subfield><subfield code="d">Salt Lake City.</subfield></datafield><datafield ind1="0" ind2=" " tag="775"><subfield code="t">Rocky Mountain review (Salt Lake City, Utah : 1964)</subfield><subfield code="w">(DLC)sn 85058106</subfield><subfield code="w">(OCoLC)11926036</subfield></datafield><datafield ind1="0" ind2=" " tag="775"><subfield code="t">Rocky Mountain review (Salt Lake City, Utah : Oquirrh ed.)</subfield><subfield code="w">(DLC)sn 85058104</subfield><subfield code="w">(OCoLC)11926101</subfield></datafield><datafield ind1="1" ind2=" " tag="029"><subfield code="a">AU@</subfield><subfield code="b">000023482035</subfield></datafield></record>